<record><leader>00000cas a22000001a 4500</leader><controlfield tag="001">32363022</controlfield><controlfield tag="007">hd afb017baca</controlfield><controlfield tag="007">hd bfb017baaa</controlfield><controlfield tag="008">950425d19331968okumr nea     0    0eng d</controlfield><datafield ind1=" " ind2=" " tag="010"><subfield code="a">sn 94087344 </subfield></datafield><datafield ind1=" " ind2=" " tag="040"><subfield code="a">NN</subfield><subfield code="b">eng</subfield><subfield code="c">RQM</subfield><subfield code="d">OCLCQ</subfield><subfield code="d">OCLCO</subfield><subfield code="d">OCLCQ</subfield></datafield><datafield ind1=" " ind2=" " tag="012"><subfield code="i">9504</subfield></datafield><datafield ind1=" " ind2=" " tag="042"><subfield code="a">msc</subfield></datafield><datafield ind1="0" ind2=" " tag="130"><subfield code="a">National Union farmer (Oklahoma City, Okla.)</subfield></datafield><datafield ind1="1" ind2="0" tag="245"><subfield code="a">National Union farmer.</subfield></datafield><datafield ind1=" " ind2=" " tag="260"><subfield code="a">Oklahoma City [Okla.] :</subfield><subfield code="b">Farmers' Educational and Co-operative Union of America [i.e. National Farmers' Union]</subfield></datafield><datafield ind1=" " ind2=" " tag="300"><subfield code="a">volumes :</subfield><subfield code="b">illustrations</subfield></datafield><datafield ind1=" " ind2=" " tag="310"><subfield code="a">Monthly,</subfield><subfield code="b">&lt;Oct. 1946-&gt;</subfield></datafield><datafield ind1=" " ind2=" " tag="321"><subfield code="a">Semimonthly,</subfield><subfield code="b">&lt;Nov. 8, 1938-Sept. 1946&gt;</subfield></datafield><datafield ind1=" " ind2=" " tag="336"><subfield code="a">text</subfield><subfield code="b">txt</subfield><subfield code="2">rdacontent</subfield></datafield><datafield ind1=" " ind2=" " tag="337"><subfield code="a">microform</subfield><subfield code="b">h</subfield><subfield code="2">rdamedia</subfield></datafield><datafield ind1=" " ind2=" " tag="338"><subfield code="a">microfilm reel</subfield><subfield code="b">hd</subfield><subfield code="2">rdacarrier</subfield></datafield><datafield ind1="1" ind2=" " tag="362"><subfield code="a">Began in 1933; ceased in 1968.</subfield></datafield><datafield ind1=" " ind2=" " tag="500"><subfield code="a">Published in Denver, Colo., &lt;Mar. 1943-Dec. 1952&gt;, &lt;Oct. 1956-Jan. 1963&gt;; in Columbia, Mo., Jan. 1953-Sept. 1956.</subfield></datafield><datafield ind1=" " ind2=" " tag="500"><subfield code="a">New Half Century ed. issued Jan. 1951; Farmers' Union Golden anniversary ed. issued Mar. 1932.</subfield></datafield><datafield ind1=" " ind2=" " tag="515"><subfield code="a">Vol. 41 no. 1-vol. 42 no. 1/2, Jan. 1963-Jan./Feb. 1965, not published.</subfield></datafield><datafield ind1=" " ind2=" " tag="515"><subfield code="a">Not published July 1, 1946 and Aug. 1, 1946.</subfield></datafield><datafield ind1=" " ind2=" " tag="515"><subfield code="a">Vol. 22 no. 1-2 and vol. 26 no. 1-6 omitted in numbering.</subfield></datafield><datafield ind1=" " ind2=" " tag="550"><subfield code="a">Official publication of: Farmers' Educational and Co-operative Union of America (i.e. National Farmers' Union); and of: National Farmers' Union Life Insurance Assoc.</subfield></datafield><datafield ind1=" " ind2=" " tag="588"><subfield code="a">Description based on: Vol. 17, no. 19 (Nov. 8, 1938).</subfield></datafield><datafield ind1=" " ind2=" " tag="533"><subfield code="a">Microfilm.</subfield><subfield code="m">v.19-24 (Feb. 3,1940-Dec. 15,1945):[Gaps]</subfield><subfield code="b">New York :</subfield><subfield code="c">New York Public Library,</subfield><subfield code="d">[19--].</subfield><subfield code="e">1 microfilm reel ; 35 mm.</subfield></datafield><datafield ind1="2" ind2=" " tag="710"><subfield code="a">National Farmers' Union (U.S.)</subfield></datafield><datafield ind1="2" ind2=" " tag="710"><subfield code="a">National Farmers' Union Life Insurance Assoc.</subfield></datafield><datafield ind1=" " ind2=" " tag="752"><subfield code="a">United States</subfield><subfield code="b">Colorado</subfield><subfield code="c">Denver</subfield><subfield code="d">Denver.</subfield></datafield><datafield ind1=" " ind2=" " tag="752"><subfield code="a">United States</subfield><subfield code="b">Oklahoma</subfield><subfield code="c">Oklahoma</subfield><subfield code="d">Oklahoma City.</subfield></datafield><datafield ind1=" " ind2=" " tag="752"><subfield code="a">United States</subfield><subfield code="b">Missouri</subfield><subfield code="c">Boone</subfield><subfield code="d">Columbia.</subfield></datafield><datafield ind1="1" ind2=" " tag="776"><subfield code="c">Original</subfield><subfield code="w">(DLC)sn 86091265</subfield></datafield><datafield ind1=" " ind2=" " tag="850"><subfield code="a">NN</subfield><subfield code="a">NN (master)</subfield></datafield><datafield ind1="1" ind2=" " tag="029"><subfield code="a">AU@</subfield><subfield code="b">000025871755</subfield></datafield></record>